<record><leader>00000cas a2200000 a 4500</leader><controlfield tag="001">48488341</controlfield><controlfield tag="008">011127u2001uuuugaudr ne      0   a0eng  </controlfield><datafield ind1=" " ind2=" " tag="010"><subfield code="a">sn2002058112</subfield><subfield code="z">  2001233935</subfield></datafield><datafield ind1=" " ind2=" " tag="040"><subfield code="a">GUA</subfield><subfield code="b">eng</subfield><subfield code="c">GUA</subfield><subfield code="d">NYS</subfield><subfield code="d">GUA</subfield><subfield code="d">CLU</subfield><subfield code="d">NYS</subfield><subfield code="d">NSD</subfield><subfield code="d">NVF</subfield><subfield code="d">DLC</subfield><subfield code="d">NVF</subfield><subfield code="d">GUA</subfield><subfield code="d">DLC</subfield><subfield code="d">NVF</subfield><subfield code="d">OCLCQ</subfield><subfield code="d">OCLCF</subfield><subfield code="d">OCLCO</subfield><subfield code="d">DLC</subfield></datafield><datafield ind1=" " ind2=" " tag="012"><subfield code="l">1</subfield></datafield><datafield ind1=" " ind2=" " tag="019"><subfield code="a">48412583</subfield></datafield><datafield ind1="0" ind2=" " tag="022"><subfield code="a">1539-7459</subfield><subfield code="l">1539-7459</subfield><subfield code="2">1</subfield></datafield><datafield ind1=" " ind2=" " tag="037"><subfield code="b">Atlanta Newspapers, 72 Marietta St., NW, Atlanta, GA 30303</subfield></datafield><datafield ind1=" " ind2=" " tag="042"><subfield code="a">nsdp</subfield><subfield code="a">pcc</subfield></datafield><datafield ind1=" " ind2=" " tag="043"><subfield code="a">n-us-ga</subfield></datafield><datafield ind1="0" ind2="0" tag="050"><subfield code="a">Newspaper</subfield></datafield><datafield ind1="0" ind2=" " tag="130"><subfield code="a">Atlanta journal-constitution (Atlanta, Ga. : 2001)</subfield></datafield><datafield ind1="0" ind2=" " tag="210"><subfield code="a">Atlanta j.-const.</subfield><subfield code="b">(2001)</subfield></datafield><datafield ind1=" " ind2="4" tag="222"><subfield code="a">The Atlanta journal-constitution</subfield><subfield code="b">(2001)</subfield></datafield><datafield ind1="0" ind2="4" tag="245"><subfield code="a">The Atlanta journal-constitution.</subfield></datafield><datafield ind1="3" ind2="0" tag="246"><subfield code="a">Atlanta journal constitution</subfield></datafield><datafield ind1=" " ind2=" " tag="260"><subfield code="a">Atlanta, Ga. :</subfield><subfield code="b">Atlanta Newspapers,</subfield><subfield code="c">2001-</subfield></datafield><datafield ind1=" " ind2=" " tag="300"><subfield code="a">v.</subfield></datafield><datafield ind1=" " ind2=" " tag="310"><subfield code="a">Daily</subfield></datafield><datafield ind1="0" ind2=" " tag="362"><subfield code="a">Vol. 53, no. 48 (Nov. 5, 2001)-</subfield></datafield><datafield ind1=" " ind2=" " tag="500"><subfield code="a">Continues the numbering of the Atlanta journal (Atlanta, Ga. : 1889). of the latter.</subfield></datafield><datafield ind1=" " ind2=" " tag="530"><subfield code="a">Also available on microfilm and online via the World Wide Web.</subfield></datafield><datafield ind1=" " ind2=" " tag="580"><subfield code="a">Formed by the union of: Atlanta constitution (Atlanta, Ga. : 1881), and: Atlanta journal (Atlanta, Ga. : 1889), and continues the numbering of the latter.</subfield></datafield><datafield ind1=" " ind2="0" tag="651"><subfield code="a">Atlanta (Ga.)</subfield><subfield code="v">Newspapers.</subfield></datafield><datafield ind1=" " ind2="0" tag="651"><subfield code="a">Fulton County (Ga.)</subfield><subfield code="v">Newspapers.</subfield></datafield><datafield ind1=" " ind2="7" tag="651"><subfield code="a">Georgia</subfield><subfield code="z">Atlanta.</subfield><subfield code="2">fast</subfield><subfield code="0">(OCoLC)fst01204627</subfield></datafield><datafield ind1=" " ind2="7" tag="651"><subfield code="a">Georgia</subfield><subfield code="z">Fulton County.</subfield><subfield code="2">fast</subfield><subfield code="0">(OCoLC)fst01211153</subfield></datafield><datafield ind1=" " ind2="7" tag="655"><subfield code="a">Newspapers.</subfield><subfield code="2">fast</subfield><subfield code="0">(OCoLC)fst01423814</subfield></datafield><datafield ind1=" " ind2=" " tag="752"><subfield code="a">United States</subfield><subfield code="b">Georgia</subfield><subfield code="c">Fulton</subfield><subfield code="d">Atlanta.</subfield></datafield><datafield ind1="1" ind2="4" tag="780"><subfield code="t">Atlanta constitution (Atlanta, Ga. : 1881)</subfield><subfield code="x">2473-1609</subfield><subfield code="w">(DLC)sn 82015857</subfield><subfield code="w">(OCoLC)8821030</subfield></datafield><datafield ind1="1" ind2="4" tag="780"><subfield code="t">Atlanta journal (Atlanta, Ga. : 1889)</subfield><subfield code="x">2473-1625</subfield><subfield code="w">(DLC)sn 82015426</subfield><subfield code="w">(OCoLC)8807964</subfield></datafield><datafield ind1="4" ind2="1" tag="856"><subfield code="u">http://bibpurl.oclc.org/web/597</subfield><subfield code="u">http://www.accessatlanta.com/ajc/</subfield></datafield><datafield ind1="1" ind2=" " tag="029"><subfield code="a">AU@</subfield><subfield code="b">000026354456</subfield></datafield><datafield ind1="1" ind2=" " tag="029"><subfield code="a">NZ1</subfield><subfield code="b">16074873</subfield></datafield></record>